@techreport{grun2011extended,
  title={Extended beta regression in R: shaken, stirred, mixed, and partitioned},
  author={Gr{\"u}n, Bettina and Kosmidis, Ioannis and Zeileis, Achim},
  year={2011},
  institution={Working Papers in Economics and Statistics}
}
